<record><leader>00000cas a22000007a 4500</leader><controlfield tag="001">36254842</controlfield><controlfield tag="008">970124d191u1917tnuwr ne      0    0eng d</controlfield><datafield ind1=" " ind2=" " tag="010"><subfield code="a">sn 97065022 </subfield></datafield><datafield ind1=" " ind2=" " tag="040"><subfield code="a">TGN</subfield><subfield code="b">eng</subfield><subfield code="c">TGN</subfield><subfield code="d">OCLCQ</subfield><subfield code="d">OCLCF</subfield><subfield code="d">OCLCO</subfield></datafield><datafield ind1="1" ind2=" " tag="029"><subfield code="a">AU@</subfield><subfield code="b">000013092829</subfield></datafield><datafield ind1=" " ind2=" " tag="042"><subfield code="a">msc</subfield></datafield><datafield ind1=" " ind2=" " tag="043"><subfield code="a">n-us-tn</subfield></datafield><datafield ind1="0" ind2=" " tag="130"><subfield code="a">Robertson County news (Springfield, Tenn. : 1913)</subfield></datafield><datafield ind1="1" ind2="0" tag="245"><subfield code="a">Robertson County news.</subfield></datafield><datafield ind1=" " ind2=" " tag="260"><subfield code="a">Springfield, Tenn. :</subfield><subfield code="b">Jno. R. Love</subfield></datafield><datafield ind1=" " ind2=" " tag="300"><subfield code="a">v.</subfield></datafield><datafield ind1=" " ind2=" " tag="310"><subfield code="a">Weekly</subfield></datafield><datafield ind1="1" ind2=" " tag="362"><subfield code="a">Ceased in 1917.</subfield></datafield><datafield ind1=" " ind2=" " tag="580"><subfield code="a">Merged with: Springfield herald (Springfield, Tenn. : 1889), to form: Springfield herald and Robertson County news.</subfield></datafield><datafield ind1=" " ind2=" " tag="588"><subfield code="a">Description based on: News ser. vol. 14, no. 23 (Apr. 18, 1913).</subfield></datafield><datafield ind1=" " ind2="0" tag="651"><subfield code="a">Springfield (Tenn.)</subfield><subfield code="v">Newspapers.</subfield></datafield><datafield ind1=" " ind2="0" tag="651"><subfield code="a">Robertson County (Tenn.)</subfield><subfield code="v">Newspapers.</subfield></datafield><datafield ind1=" " ind2="7" tag="655"><subfield code="a">Newspapers.</subfield><subfield code="2">fast</subfield><subfield code="0">(OCoLC)fst01423814</subfield></datafield><datafield ind1=" " ind2="7" tag="651"><subfield code="a">Tennessee</subfield><subfield code="z">Robertson County.</subfield><subfield code="2">fast</subfield><subfield code="0">(OCoLC)fst01208054</subfield></datafield><datafield ind1=" " ind2="7" tag="651"><subfield code="a">Tennessee</subfield><subfield code="z">Springfield.</subfield><subfield code="2">fast</subfield><subfield code="0">(OCoLC)fst01227067</subfield></datafield><datafield ind1=" " ind2=" " tag="752"><subfield code="a">United States</subfield><subfield code="b">Tennessee</subfield><subfield code="c">Robertson</subfield><subfield code="d">Springfield.</subfield></datafield><datafield ind1="0" ind2="0" tag="780"><subfield code="t">Robertson County news and twice-a-week banner</subfield><subfield code="w">(DLC)sn 97065023</subfield></datafield><datafield ind1="1" ind2="7" tag="785"><subfield code="t">Springfield herald (Springfield, Tenn. : 1889)</subfield><subfield code="w">(DLC)sn 97065021</subfield></datafield><datafield ind1="1" ind2="7" tag="785"><subfield code="t">Springfield herald and Robertson County news</subfield><subfield code="w">(DLC)sn 97065018</subfield></datafield></record>